@online{latex_template,
	title        = {VUB LaTeX huisstijl},
	author       = {De Smet, Ruben},
	year         = 2020,
	url          = {https://gitlab.com/rubdos/texlive-vub},
	urldate      = {2020-11-02},
	note         = {GitHub commit: d91f55799abd390a7dac92492f894b9b5fea2f47}
}
@online{github_project,
	title        = {Computational Creativity project},
	author       = {Bontinck, Lennert},
	year         = 2021,
	url          = {https://github.com/pikawika/VUB-CC-Project},
	urldate      = {2021-03-07},
	note         = {GitHub commit: 82817b26cd31ce6fb82ce092d2d0fe07d76792a5}
}
@article{cardb,
	title        = {LSUN-Stanford Car Dataset: Enhancing Large-Scale Car Image Datasets Using Deep Learning for Usage in GAN Training},
	author       = {Kramberger, Tin and Potočnik, Božidar},
	year         = 2020,
	journal      = {Applied Sciences},
	volume       = 10,
	number       = 14,
	doi          = {10.3390/app10144913},
	issn         = {2076-3417},
	url          = {https://www.mdpi.com/2076-3417/10/14/4913},
	article-number = 4913
}
@inproceedings{stylegan2,
	title        = {Analyzing and Improving the Image Quality of {StyleGAN}},
	author       = {Tero Karras and Samuli Laine and Miika Aittala and Janne Hellsten and Jaakko Lehtinen and Timo Aila},
	year         = 2020,
	booktitle    = {Proc. CVPR}
}
@misc{ganspace,
	title        = {GANSpace: Discovering Interpretable GAN Controls},
	author       = {Erik Härkönen and Aaron Hertzmann and Jaakko Lehtinen and Sylvain Paris},
	year         = 2020,
	eprint       = {2004.02546},
	archiveprefix = {arXiv},
	primaryclass = {cs.CV}
}
@online{ganspacevid,
	title        = {GANSpace: Discovering Interpretable GAN Controls},
	author       = {Härkönen, Erik},
	year         = 2020,
	url          = {https://www.youtube.com/watch?v=jdTICDa_eAI},
	organization = {Youtube}
}
@online{bapproef,
	title        = {Je kijkt er naar, maar ziet het niet: datacompressie principes — ontstaan en uitdagingen — implementaties — afbeeldingscompressie: PNG | JPEG | JPEG2000 | WebP | HEIF — videocompressie: H.264-AVC | H.264-SVC | H.265/HEVC | AV1},
	author       = {Bontinck, Lennert},
	year         = 2019,
	url          = {https://github.com/pikawika/bachelorproef-compressie},
	urldate      = {2021-03-21},
	note         = {Available under "evaluatietool"}
}
