@online{latex_template,
	title        = {VUB LaTeX huisstijl},
	author       = {De Smet, Ruben},
	year         = 2020,
	url          = {https://gitlab.com/rubdos/texlive-vub},
	urldate      = {2020-11-02},
	note         = {GitHub commit: d91f55799abd390a7dac92492f894b9b5fea2f47}
}
@online{github_project,
	title        = {Computational Creativity project},
	author       = {Bontinck, Lennert},
	year         = 2021,
	url          = {https://github.com/pikawika/VUB-CC-Project},
	urldate      = {2021-02-17},
	note         = {GitHub commit: TODO}
}
@article{crashtest,
  doi = {10.1007/s00158-016-1579-y},
  url = {https://doi.org/10.1007/s00158-016-1579-y},
  year = {2016},
  month = sep,
  publisher = {Springer Science and Business Media {LLC}},
  volume = {55},
  number = {3},
  pages = {1091--1119},
  author = {Jianguang Fang and Guangyong Sun and Na Qiu and Nam H. Kim and Qing Li},
  title = {On design optimization for structural crashworthiness and its state of the art},
  journal = {Structural and Multidisciplinary Optimization}
}
@inproceedings{carearo,
  doi = {10.4271/2020-01-0684},
  url = {https://doi.org/10.4271/2020-01-0684},
  year = {2020},
  month = apr,
  publisher = {{SAE} International},
  author = {Pradip Dube and Sadashiv Hiravennavar},
  title = {Machine Learning Approach to Predict Aerodynamic Performance of Underhood and Underbody Drag Enablers},
  booktitle = {{SAE} Technical Paper Series}
}
@online{cnnnewcar,
	title        = {Using Neural Nets to Design Cars},
	author       = {Soomar, Ali},
	year         = 2019,
	url          = {https://medium.com/@alisoomar/adversarial-networks-for-car-image-generation-9bdf5977bec8},
	urldate      = {2021-02-17}
}
@online{cybertruckguess,
	title        = {Fun with StyleGAN: Letâ€™s predict the Tesla CyberTruck design!},
	author       = {Trivedi, Chintan},
	year         = 2019,
	url          = {https://towardsdatascience.com/fun-with-stylegan-lets-predict-the-tesla-cybertruck-design-3f2123ab4d0d},
	urldate      = {2021-02-17}
}
@inproceedings{stylegan,
  doi = {10.1109/cvpr.2019.00453},
  url = {https://doi.org/10.1109/cvpr.2019.00453},
  year = {2019},
  month = jun,
  publisher = {{IEEE}},
  author = {Tero Karras and Samuli Laine and Timo Aila},
  title = {A Style-Based Generator Architecture for Generative Adversarial Networks},
  booktitle = {2019 {IEEE}/{CVF} Conference on Computer Vision and Pattern Recognition ({CVPR})}
}
@online{hackrod,
	title        = {Hack Rod, the World's First AI-Generated Car},
	author       = {Pette, Bob},
	year         = 2016,
	url          = {https://blogs.nvidia.com/blog/2016/07/26/hack-rod-car-ai/},
	urldate      = {2021-02-17}
}
@online{czinger,
	title        = {A revolutionary hypercar built for the 21st century},
	author       = {Girish},
	year         = 2020,
	url          = {https://www.czinger.com/about-21-c},
	urldate      = {2021-02-17}
}