@online{latex_template,
	title        = {VUB LaTeX huisstijl},
	author       = {De Smet, Ruben},
	year         = 2020,
	url          = {https://gitlab.com/rubdos/texlive-vub},
	urldate      = {2020-11-02},
	note         = {GitHub commit: d91f55799abd390a7dac92492f894b9b5fea2f47}
}
@online{github_project,
	title        = {Computational Creativity project},
	author       = {Bontinck, Lennert},
	year         = 2021,
	url          = {https://github.com/pikawika/VUB-CC-Project},
	urldate      = {2021-02-17},
	note         = {GitHub commit: TODO}
}